%YAML 1.1
%TAG !u! tag:unity3d.com,2011:
--- !u!1001 &100100000
Prefab:
  m_ObjectHideFlags: 1
  serializedVersion: 2
  m_Modification:
    m_TransformParent: {fileID: 0}
    m_Modifications: []
    m_RemovedComponents: []
  m_ParentPrefab: {fileID: 0}
  m_RootGameObject: {fileID: 1094370188849268}
  m_IsPrefabParent: 1
--- !u!1 &1094370188849268
GameObject:
  m_ObjectHideFlags: 0
  m_PrefabParentObject: {fileID: 0}
  m_PrefabInternal: {fileID: 100100000}
  serializedVersion: 5
  m_Component:
  - component: {fileID: 4026853328796328}
  - component: {fileID: 33901323147422920}
  - component: {fileID: 23940953186764024}
  - component: {fileID: 136464189463155080}
  - component: {fileID: 114249602632875198}
  - component: {fileID: 54364801437715310}
  - component: {fileID: 114610634242774958}
  - component: {fileID: 114031782936177440}
  - component: {fileID: 114644976356952232}
  - component: {fileID: 114832031948612838}
  - component: {fileID: 114655314184125788}
  m_Layer: 0
  m_Name: Capsule
  m_TagString: Actor
  m_Icon: {fileID: 0}
  m_NavMeshLayer: 0
  m_StaticEditorFlags: 0
  m_IsActive: 1
--- !u!4 &4026853328796328
Transform:
  m_ObjectHideFlags: 1
  m_PrefabParentObject: {fileID: 0}
  m_PrefabInternal: {fileID: 100100000}
  m_GameObject: {fileID: 1094370188849268}
  m_LocalRotation: {x: 0, y: 0, z: 0, w: 1}
  m_LocalPosition: {x: 0, y: 0, z: 0}
  m_LocalScale: {x: 0.2, y: 0.1, z: 0.2}
  m_Children: []
  m_Father: {fileID: 0}
  m_RootOrder: 0
  m_LocalEulerAnglesHint: {x: 0, y: 0, z: 0}
--- !u!23 &23940953186764024
MeshRenderer:
  m_ObjectHideFlags: 1
  m_PrefabParentObject: {fileID: 0}
  m_PrefabInternal: {fileID: 100100000}
  m_GameObject: {fileID: 1094370188849268}
  m_Enabled: 1
  m_CastShadows: 1
  m_ReceiveShadows: 1
  m_DynamicOccludee: 1
  m_MotionVectors: 1
  m_LightProbeUsage: 1
  m_ReflectionProbeUsage: 1
  m_RenderingLayerMask: 4294967295
  m_Materials:
  - {fileID: 2100000, guid: 8d6bf4bb2f5906a4a98e9239761bd234, type: 2}
  m_StaticBatchInfo:
    firstSubMesh: 0
    subMeshCount: 0
  m_StaticBatchRoot: {fileID: 0}
  m_ProbeAnchor: {fileID: 0}
  m_LightProbeVolumeOverride: {fileID: 0}
  m_ScaleInLightmap: 1
  m_PreserveUVs: 1
  m_IgnoreNormalsForChartDetection: 0
  m_ImportantGI: 0
  m_StitchLightmapSeams: 0
  m_SelectedEditorRenderState: 3
  m_MinimumChartSize: 4
  m_AutoUVMaxDistance: 0.5
  m_AutoUVMaxAngle: 89
  m_LightmapParameters: {fileID: 0}
  m_SortingLayerID: 0
  m_SortingLayer: 0
  m_SortingOrder: 0
--- !u!33 &33901323147422920
MeshFilter:
  m_ObjectHideFlags: 1
  m_PrefabParentObject: {fileID: 0}
  m_PrefabInternal: {fileID: 100100000}
  m_GameObject: {fileID: 1094370188849268}
  m_Mesh: {fileID: 10208, guid: 0000000000000000e000000000000000, type: 0}
--- !u!54 &54364801437715310
Rigidbody:
  m_ObjectHideFlags: 1
  m_PrefabParentObject: {fileID: 0}
  m_PrefabInternal: {fileID: 100100000}
  m_GameObject: {fileID: 1094370188849268}
  serializedVersion: 2
  m_Mass: 1
  m_Drag: 100
  m_AngularDrag: 100
  m_UseGravity: 0
  m_IsKinematic: 0
  m_Interpolate: 0
  m_Constraints: 112
  m_CollisionDetection: 0
--- !u!114 &114031782936177440
MonoBehaviour:
  m_ObjectHideFlags: 1
  m_PrefabParentObject: {fileID: 0}
  m_PrefabInternal: {fileID: 100100000}
  m_GameObject: {fileID: 1094370188849268}
  m_Enabled: 1
  m_EditorHideFlags: 0
  m_Script: {fileID: 11500000, guid: c08517e04830d6d44a13c5ea5f574181, type: 3}
  m_Name: 
  m_EditorClassIdentifier: 
  active: 1
  unhighlightOnDisable: 1
  thickness: 2
  customOutlineModels: []
  customOutlineModelPaths: []
  enableSubmeshHighlight: 0
--- !u!114 &114249602632875198
MonoBehaviour:
  m_ObjectHideFlags: 1
  m_PrefabParentObject: {fileID: 0}
  m_PrefabInternal: {fileID: 100100000}
  m_GameObject: {fileID: 1094370188849268}
  m_Enabled: 1
  m_EditorHideFlags: 0
  m_Script: {fileID: 11500000, guid: 43c5c68d9fb8de2469b51c72640ae7e8, type: 3}
  m_Name: 
  m_EditorClassIdentifier: 
  prefabNameText: {fileID: 160558, guid: 1d081ac4910f33c45b04e7b2e7caff94, type: 2}
  prefabMessageSphereInstance: {fileID: 1747823975096014, guid: b45dc77006cd3dd4ea81285d4778d57b,
    type: 2}
  prefabMessageQueueBox: {fileID: 1903748618899954, guid: 3f70d76a4231cd34dadcf6e97456d0cf,
    type: 2}
  suppressed: 0
  getState: 0
  originalPosition: {x: 0, y: 0, z: 0}
  modelOffset: {x: 0, y: 0, z: 0}
  messageQueueBox: {fileID: 0}
  prefabVarScreen: {fileID: 1518265413440042, guid: 14144f0f6e1a4744cab0ebdc63484765,
    type: 2}
--- !u!114 &114610634242774958
MonoBehaviour:
  m_ObjectHideFlags: 1
  m_PrefabParentObject: {fileID: 0}
  m_PrefabInternal: {fileID: 100100000}
  m_GameObject: {fileID: 1094370188849268}
  m_Enabled: 1
  m_EditorHideFlags: 0
  m_Script: {fileID: 11500000, guid: a3abaf4521bf2344ea21ed3020b98eb2, type: 3}
  m_Name: 
  m_EditorClassIdentifier: 
  disableWhenIdle: 1
  allowedNearTouchControllers: 0
  allowedTouchControllers: 0
  ignoredColliders: []
  isGrabbable: 1
  holdButtonToGrab: 1
  stayGrabbedOnTeleport: 1
  validDrop: 1
  grabOverrideButton: 0
  allowedGrabControllers: 0
  grabAttachMechanicScript: {fileID: 0}
  secondaryGrabActionScript: {fileID: 0}
  isUsable: 0
  holdButtonToUse: 1
  useOnlyIfGrabbed: 0
  pointerActivatesUseAction: 0
  useOverrideButton: 0
  allowedUseControllers: 0
  objectHighlighter: {fileID: 0}
  touchHighlightColor: {r: 0.6985294, g: 0.6985294, b: 0.6985294, a: 1}
  usingState: 0
--- !u!114 &114644976356952232
MonoBehaviour:
  m_ObjectHideFlags: 1
  m_PrefabParentObject: {fileID: 0}
  m_PrefabInternal: {fileID: 100100000}
  m_GameObject: {fileID: 1094370188849268}
  m_Enabled: 1
  m_EditorHideFlags: 0
  m_Script: {fileID: 11500000, guid: 17abe62d6dbbc9741b95ef7b6340569c, type: 3}
  m_Name: 
  m_EditorClassIdentifier: 
  status: -1
  prefabMark: {fileID: 1109686198170788, guid: e56e507c460e47449a4421c532a03e53, type: 2}
--- !u!114 &114655314184125788
MonoBehaviour:
  m_ObjectHideFlags: 1
  m_PrefabParentObject: {fileID: 0}
  m_PrefabInternal: {fileID: 100100000}
  m_GameObject: {fileID: 1094370188849268}
  m_Enabled: 1
  m_EditorHideFlags: 0
  m_Script: {fileID: 11500000, guid: ab493300faa122044b92ae099474bc3c, type: 3}
  m_Name: 
  m_EditorClassIdentifier: 
  isSuprressed: 0
  prefabSuppressionIndicator: {fileID: 1923419545527530, guid: c9442297d66c96346a339cc3d980a165,
    type: 2}
--- !u!114 &114832031948612838
MonoBehaviour:
  m_ObjectHideFlags: 1
  m_PrefabParentObject: {fileID: 0}
  m_PrefabInternal: {fileID: 100100000}
  m_GameObject: {fileID: 1094370188849268}
  m_Enabled: 1
  m_EditorHideFlags: 0
  m_Script: {fileID: 11500000, guid: 55c6bc798b483624bbaed5ad28666b76, type: 3}
  m_Name: 
  m_EditorClassIdentifier: 
  visualRepresentationPrefab: {fileID: 1575113884475632, guid: f2f65d876cb08bf42950963454ac9c15,
    type: 2}
  getTag: 0
  Offset: {x: 0.03, y: 0.3, z: 0}
--- !u!136 &136464189463155080
CapsuleCollider:
  m_ObjectHideFlags: 1
  m_PrefabParentObject: {fileID: 0}
  m_PrefabInternal: {fileID: 100100000}
  m_GameObject: {fileID: 1094370188849268}
  m_Material: {fileID: 0}
  m_IsTrigger: 0
  m_Enabled: 1
  m_Radius: 0.5000001
  m_Height: 2
  m_Direction: 1
  m_Center: {x: 0.000000059604645, y: 0, z: -0.00000008940697}
